@book{LoremIpsum,
  author       = "Mustermann, Max ",
  title        = "Das Testbuch",
  publisher    = "Springer",
  year         = "2010",
month = "05"
}